@software{pandas,
    author       = {{The pandas development team}},
    title        = {Pandas},
    year         = {2020},
    howpublished = {Disponível em \url{https://pandas.pydata.org/}. Acesso em 2 de setembro de 2025}
}

@software{typescript,
  author       = {{Microsoft}},
  howpublished = {Disponível em \url{https://www.typescriptlang.org}. Acesso em 2 de setembro de 2025},
  title        = {TypeScript},
  year         = {2025}
}

@software{figma,
  author       = {{Figma Inc.}},
  howpublished = {Disponível em \url{https://www.figma.com/pt-br/}. Acesso em 2 de setembro de 2025},
  title        = {Figma},
  year         = {2025}
}

@misc{google,
  author       = {{Google}},
  howpublished = {Disponível em \url{https://about.google}. Acesso em 2 de setembro de 2025},
  title        = {Google},
  year         = {2025}
}

@software{swagger,
  author       = {{SmartBear Software}},
  howpublished = {Disponível em \url{https://swagger.io}. Acesso em 2 de setembro de 2025},
  title        = {Swagger},
  year         = {2025}
}


@software{react,
    author       = {{Meta Platforms, Inc.}},
    howpublished = {Disponível em \url{https://react.dev}. Acesso em 2 de setembro de 2025},
    title        = {React},
    year         = {2025}
}

@software{fastapi,
    author       = {Sebastián Ramírez},
    howpublished = {Disponível em \url{https://fastapi.tiangolo.com/}. Acesso em 2 de setembro de 2025},
    title        = {FastAPI},
    year         = {2025}
}

@software{nextjs,
    author       = {{Vercel Inc.}},
    howpublished = {Disponível em \url{https://nextjs.org/}. Acesso em 2 de setembro de 2025},
    title        = {NextJs},
    year         = {2025}
}

@software{python,
    author       = {{Python Software Foundation}},
    howpublished = {Disponível em \url{https://www.python.org/}. Acesso em 2 de setembro de 2025},
    title        = {Python},
    year         = {2025}
}

@software{postgresql,
    author       = {{PostgreSQL Global Development Group}},
    howpublished = {Disponível em \url{https://www.postgresql.org}. Acesso em 2 de setembro de 2025},
    title        = {PostgreSQL},
    year         = {2025}
}

@misc{aws,
    author       = {{Amazon Web Services, Inc.}},
    howpublished = {Disponível em \url{https://aws.amazon.com}. Acesso em 2 de setembro de 2025},
    title        = {Amazon Web Services},
    year         = {2025}
}